@book{standard84,
author = "D. G. Jones and A. K. Dewdney",
title = "{{CoreWar Guidelines}}",
year = "1984",
publisher = "University of Western Ontario",
note="\url{http://corewar.co.uk/standards/cwg.txt}"
}

@misc{standard88,
title = {{\textit{Core War '88 - A Proposed
Standard}}},
howpublished = {\url{http://corewar.co.uk/standards/icws88.txt}},
author= "Thomas Gettys"}

@misc{standard94,
title = {{\textit{Proposed 1994 Core War Standard}}},
howpublished = {\url{http://corewar.co.uk/standards/icws94.htm}},
author = "Mark Durham"}
}

@misc{beginnedguide,
title={{\textit{The beginners' guide to RedCode}}},
howpublished= {\url{http://vyznev.net/corewar/guide.html}},
author = "Ilmari Karonen"
}

@misc{corewaruk,
title={{\textit{Corewar uk}}},
howpublished={\url{http://corewar.co.uk/indexx.htm}}
}

@misc{algoGen,
title={{\textit{Algorithme Génétique, définition}}},
howpublished={\url{https://fr.wikipedia.org/wiki/Algorithme_g\%C3\%A9n\%C3\%A9tique}}
}

@misc{ga_war.c,
title={{\textit{CoreWar Evolution Program}}},
howpublished={\url{http://www.corewar.co.uk/boer/index.htm}},
author = "Jason Boer"
}

@misc{Yace,
title={{\textit{Yet Another CoreWar Evolver}}},
howpublished={\url{http://corewar.co.uk/ankerl/yace.htm#intro}},
author="Martin Ankerl"
}